@article{PhysRevLett.67.1035,
  title = {Anomalous transfer of spectral weight in doped strongly correlated systems},
  author = {Eskes, H. and Meinders, M. B. J. and Sawatzky, G. A.},
  journal = {Phys. Rev. Lett.},
  volume = {67},
  issue = {8},
  pages = {1035--1038},
  numpages = {0},
  year = {1991},
  month = {Aug},
  publisher = {American Physical Society},
  doi = {10.1103/PhysRevLett.67.1035},
  url = {https://link.aps.org/doi/10.1103/PhysRevLett.67.1035}
}

@article{PhysRevB.48.3916,
  title = {Spectral-weight transfer: Breakdown of low-energy-scale sum rules in correlated systems},
  author = {Meinders, M. B. J. and Eskes, H. and Sawatzky, G. A.},
  journal = {Phys. Rev. B},
  volume = {48},
  issue = {6},
  pages = {3916--3926},
  numpages = {0},
  year = {1993},
  month = {Aug},
  publisher = {American Physical Society},
  doi = {10.1103/PhysRevB.48.3916},
  url = {https://link.aps.org/doi/10.1103/PhysRevB.48.3916}
}

@article{PhysRevB.48.16857,
  title = {Spectral-weight transfer in effective single-band models for the high-${\mathit{T}}_{\mathit{c}}$ cuprates},
  author = {Feiner, L. F.},
  journal = {Phys. Rev. B},
  volume = {48},
  issue = {22},
  pages = {16857--16860},
  numpages = {0},
  year = {1993},
  month = {Dec},
  publisher = {American Physical Society},
  doi = {10.1103/PhysRevB.48.16857},
  url = {https://link.aps.org/doi/10.1103/PhysRevB.48.16857}
}

@article{PhysRevX.7.041054,
  title = {Mottness Collapse in $1\mathrm{T}\text{\ensuremath{-}}\mathrm{TaS}_{2\ensuremath{-}x}\mathrm{Se}_{x}$ Transition-Metal Dichalcogenide: An Interplay between Localized and Itinerant Orbitals},
  author = {Qiao, Shuang and Li, Xintong and Wang, Naizhou and Ruan, Wei and Ye, Cun and Cai, Peng and Hao, Zhenqi and Yao, Hong and Chen, Xianhui and Wu, Jian and Wang, Yayu and Liu, Zheng},
  journal = {Phys. Rev. X},
  volume = {7},
  issue = {4},
  pages = {041054},
  numpages = {10},
  year = {2017},
  month = {Dec},
  publisher = {American Physical Society},
  doi = {10.1103/PhysRevX.7.041054},
  url = {https://link.aps.org/doi/10.1103/PhysRevX.7.041054}
}

@article{PhysRevB.48.418,
  title = {Cluster expansion for the self-energy: A simple many-body method for interpreting the photoemission spectra of correlated Fermi systems},
  author = {Gros, Claudius and Valent\'{\i}, Roser},
  journal = {Phys. Rev. B},
  volume = {48},
  issue = {1},
  pages = {418--425},
  numpages = {0},
  year = {1993},
  month = {Jul},
  publisher = {American Physical Society},
  doi = {10.1103/PhysRevB.48.418},
  url = {https://link.aps.org/doi/10.1103/PhysRevB.48.418}
}

@article{PhysRevLett.84.522,
  title = {Spectral Weight of the Hubbard Model through Cluster Perturbation Theory},
  author = {S\'en\'echal, D. and Perez, D. and Pioro-Ladri\`ere, M.},
  journal = {Phys. Rev. Lett.},
  volume = {84},
  issue = {3},
  pages = {522--525},
  numpages = {0},
  year = {2000},
  month = {Jan},
  publisher = {American Physical Society},
  doi = {10.1103/PhysRevLett.84.522},
  url = {https://link.aps.org/doi/10.1103/PhysRevLett.84.522}
}
