@article{PhysRevLett.84.522,
  title = {Spectral Weight of the Hubbard Model through Cluster Perturbation Theory},
  author = {S\'en\'echal, D. and Perez, D. and Pioro-Ladri\`ere, M.},
  journal = {Phys. Rev. Lett.},
  volume = {84},
  pages = {522},
  year = {2000},
  doi = {10.1103/PhysRevLett.84.522},
  url = {https://link.aps.org/doi/10.1103/PhysRevLett.84.522}
}
@Article{PhysRevLett.85.2585,
  author = {M. G. Zacher and R. Eder and E. Arrigoni and Werner Hanke},
  title = {Stripes in Doped Antiferromagnets: Single-Particle Spectral Weight},
  journal = {Phys. Rev. Lett.},
  volume = {85},
  pages = {2585},
  year = {2000},
  doi = {10.1103/PhysRevLett.85.2585},
  url = {http://dx.doi.org/10.1103/PhysRevLett.85.2585}
}
@Article{PhysRevLett.92.126401,
  author = {D. S\'{e}n\'{e}chal and A.-M. S. Tremblay},
  title = {Hot Spots and Pseudogaps for Hole- and Electron-Doped High-Temperature Superconductors},
  journal = {Phys. Rev. Lett.},
  volume = {92},
  pages = {126401},
  year = {2004},
  doi = {10.1103/PhysRevLett.92.126401},
  url = {http://dx.doi.org/10.1103/PhysRevLett.92.126401}
}
@Article{PhysRevLett.107.010401,
  author = {S.-L. Yu and X. C. Xie and J.-X. Li},
  title = {Mott Physics and Topological Phase Transition in Correlated Dirac Fermions},
  journal = {Phys. Rev. Lett.},
  volume = {107},
  pages = {010401},
  year = {2011},
  doi = {10.1103/PhysRevLett.107.010401},
  url = {http://dx.doi.org/10.1103/PhysRevLett.107.010401}
}
@Article{PhysRevB.84.064520,
  author = {J. Kang and S.-L. Yu and T. Xiang and J.-X. Li},
  title = {Pseudogap and Fermi arc in $\kappa$-type organic superconductors},
  journal = {Phys. Rev. B},
  volume = {84},
  pages = {064520},
  year = {2011},
  doi = {10.1103/PhysRevB.84.064520},
  url = {http://dx.doi.org/10.1103/PhysRevB.84.064520}
}
@article{PhysRevB.90.245102,
  title = {Localized in-gap state in a single-electron doped Mott insulator},
  author = {Leong, Weng-Hang and Yu, Shun-Li and Xiang, T. and Li, Jian-Xin},
  journal = {Phys. Rev. B},
  volume = {90},
  pages = {245102},
  year = {2014},
  doi = {10.1103/PhysRevB.90.245102},
  url = {https://link.aps.org/doi/10.1103/PhysRevB.90.245102}
}
@article{PhysRevB.98.134410,
  title = {Deconfinement of spinons in frustrated spin systems: Spectral perspective},
  author = {Yu, Shun-Li and Wang, Wei and Dong, Zhao-Yang and Yao, Zi-Jian and Li, Jian-Xin},
  journal = {Phys. Rev. B},
  volume = {98},
  pages = {134410},
  year = {2018},
  doi = {10.1103/PhysRevB.98.134410},
  url = {https://link.aps.org/doi/10.1103/PhysRevB.98.134410}
}
