@Article{J.Phys.Colloq.37.C4-165,
  author = {E. Tosatti and P. Fazekas},
  title = {ON THE NATURE OF THE LOW-TEMPERATURE PHASE OF $1$T-TaS$_{2}$},
  journal = {J. Phys. Colloq.},
  volume = {37},
  pages = {C4-165},
  year = {1976},
  doi = {10.1051/jphyscol:1976426},
  url = {https://doi.org/10.1051/jphyscol:1976426}
}
@Article{Philos.Mag.B.39.229,
  author = {P. Fazekas and E. Tosatti},
  title = {Electrical, structural and magnetic properties of pure and doped $1$T-TaS$_{2}$},
  journal = {Philos. Mag. B},
  volume = {39},
  pages = {229},
  year = {1979},
  doi = {10.1080/13642817908245359},
  url = {http://dx.doi.org/10.1080/13642817908245359}
}
@Article{Physica.B+C.99.183,
  author = {P. Fazekas and E. Tosatti},
  title = {Charge carrier localization in pure and doped $1$T-TaS$_{2}$},
  journal = {Physica B+C},
  volume = {99},
  pages = {183},
  year = {1980},
  doi = {10.1016/0378-4363(80)90229-6},
  url = {http://dx.doi.org/10.1016/0378-4363(80)90229-6}
}

@article{PhysRevB.38.10734,
  title = {Local charge-density-wave structure in 1T-TaS$_{2}$ determined by scanning tunneling microscopy},
  author = {Thomson, R. E. and Walter, U. and Ganz, E. and Clarke, J. and Zettl, A. and Rauch, P. and DiSalvo, F. J.},
  journal = {Phys. Rev. B},
  volume = {38},
  pages = {10734},
  year = {1988},
  doi = {10.1103/PhysRevB.38.10734},
  url = {https://link.aps.org/doi/10.1103/PhysRevB.38.10734}
}

@article{PhysRevB.12.2220,
  title = {Effects of doping on charge-density waves in layer compounds},
  author = {Di Salvo, F. J. and Wilson, J. A. and Bagley, B. G. and Waszczak, J. V.},
  journal = {Phys. Rev. B},
  volume = {12},
  pages = {2220},
  year = {1975},
  doi = {10.1103/PhysRevB.12.2220},
  url = {https://link.aps.org/doi/10.1103/PhysRevB.12.2220}
}

@article{Philos.Mag.31.255,
  title = {The role of charge density waves in structural transformations of 1T-TaS$_{2}$},
  author = {Scruby, C. B. and Williams, P. M. and Parry, G. S.},
  journal = {Philos. Mag.},
  volume = {31},
  pages = {255},
  year = {1975},
  doi = {10.1080/14786437508228930},
  url = {https://doi.org/10.1080/14786437508228930}
}

@article{APL.102.192602,
  title = {Superconductivity induced by Se-doping in layered charge-density-wave system 1T-TaS$_{2-x}$Se$_{x}$},
  author = {Liu, Y. and Ang, R. and Lu, W. J. and Song, W. H. and Li, L. J. and Sun, Y. P.},
  journal = {Appl. Phys. Lett.},
  volume = {102},
  pages = {192602},
  year = {2013},
  doi = {10.1063/1.4805003},
  URL = {https://doi.org/10.1063/1.4805003}
}

@article{EPL.97.67005,
  title = {Fe-doping-induced superconductivity in the charge-density-wave system 1T-TaS$_{2}$},
  author = {Li, L. J. and Lu, W. J. and Zhu, X. D. and Ling, L. S. and Qu, Z. and Sun, Y. P.},
  journal = {Europhys. Lett.},
  volume = {97},
  pages = {67005},
  year = {2012},
  doi= {10.1209/0295-5075/97/67005},
  url= {https://doi.org/10.1209/0295-5075/97/67005},
}

@article{nmat2318,
  title = {From Mott state to superconductivity in 1T-TaS$_{2}$},
  author = {Sipos, B. and Kusmartseva, A. F. and Akrap, A. and Berger, H. and Forr\'{o}, L. and Tuti\v{s}, E.},
  journal = {Nat. Mater.},
  volume = {7},
  pages ={960},
  year = {2008},
  doi = {10.1038/nmat2318},
  url = {https://doi.org/10.1038/nmat2318}
}

@article{PhysRevB.94.125126,
  title = {Manipulating charge density waves in 1T-TaS$_{2}$ by charge-carrier doping: A first-principles investigation},
  author = {Shao, D. F. and Xiao, R. C. and Lu, W. J. and Lv, H. Y. and Li, J. Y. and Zhu, X. B. and Sun, Y. P.},
  journal = {Phys. Rev. B},
  volume = {94},
  pages = {125126},
  year = {2016},
  doi = {10.1103/PhysRevB.94.125126},
  url = {https://link.aps.org/doi/10.1103/PhysRevB.94.125126}
}

@article{Anderson1973.153,
  title = {Resonating valence bonds: A new kind of insulator?},
  author = {P. W. Anderson},
  journal = {Mater. Res. Bull.},
  volume = {8},
  pages = {153},
  year = {1973},
  doi = {https://doi.org/10.1016/0025-5408(73)90167-0},
  url = {http://www.sciencedirect.com/science/article/pii/0025540873901670},
}

@article{nphys4212,
  title = {A high-temperature quantum spin liquid with polaron spins},
  author = {Klanj\v{s}ek, M. and Zorko, A. and \v{Z}itko, R. and Mravlje, J. and Jagli\v{c}i\'{c}, Z. and Biswas, P. K. and Prelov\v{s}ek, P. and Mihailovic, D. and Ar\v{c}on, D.},
  journal = {Nat. Phys.},
  volume = {13},
  pages ={1130},
  year ={2017},
  doi = {10.1038/nphys4212},
  url = {https://doi.org/10.1038/nphys4212}
}

@article {Law6996,
	title = {1T-TaS$_{2}$ as a quantum spin liquid},
	author = {Law, K. T. and Lee, Patrick A.},
	journal = {Proc. Natl. Acad. Sci. U.S.A.},
	volume = {114},
	pages = {6996},
	year = {2017},
	doi = {10.1073/pnas.1706769114},
	URL = {https://www.pnas.org/content/114/27/6996}
}

@article{npj.2.42,
  title = {The low-temperature highly correlated quantum phase in the charge-density-wave 1T-TaS$_{2}$ compound},
  author = {Kratochvilova, Marie and Hillier, Adrian D. and Wildes, Andrew R. and Wang, Lihai and Cheong, Sang-Wook and Park, Je-Geun},
  journal = {npj Quantum Mater.},
  volume = {2},
  pages ={42},
  year ={2017},
  doi = {10.1038/s41535-017-0048-1},
  url = {https://doi.org/10.1038/s41535-017-0048-1},
}

@article{PhysRevB.96.195131,
  title = {Gapless excitations in the ground state of 1T-TaS$_{2}$},
  author = {Ribak, A. and Silber, I. and Baines, C. and Chashka, K. and Salman, Z. and Dagan, Y. and Kanigel, A.},
  journal = {Phys. Rev. B},
  volume = {96},
  pages = {195131},
  year = {2017},
  doi = {10.1103/PhysRevB.96.195131},
  url = {https://link.aps.org/doi/10.1103/PhysRevB.96.195131}
}

@article{PhysRevB.96.081111,
  title = {Heat transport study of the spin liquid candidate 1T-TaS$_{2}$},
  author = {Yu, Y. J. and Xu, Y. and He, L. P. and Kratochvilova, M. and Huang, Y. Y. and Ni, J. M. and Wang, Lihai and Cheong, Sang-Wook and Park, Je-Geun and Li, S. Y.},
  journal = {Phys. Rev. B},
  volume = {96},
  pages = {081111},
  year = {2017},
  doi = {10.1103/PhysRevB.96.081111},
  url = {https://link.aps.org/doi/10.1103/PhysRevB.96.081111}
}

@article{RevModPhys.70.1039,
  title = {Metal-insulator transitions},
  author = {Imada, Masatoshi and Fujimori, Atsushi and Tokura, Yoshinori},
  journal = {Rev. Mod. Phys.},
  volume = {70},
  pages = {1039},
  year = {1998},
  doi = {10.1103/RevModPhys.70.1039},
  url = {https://link.aps.org/doi/10.1103/RevModPhys.70.1039}
}

@article{PhysRevLett.122.036802,
  title = {Mottness collapse without metallization in the domain wall of the triangular-lattice Mott insulator 1T-TaS$_{2}$},
  author = {Skolimowski, Jan and Gerasimenko, Yaroslav and \v{Z}itko, Rok},
  journal = {Phys. Rev. Lett.},
  volume = {122},
  pages = {036802},
  year = {2019},
  doi = {10.1103/PhysRevLett.122.036802},
  url = {https://link.aps.org/doi/10.1103/PhysRevLett.122.036802}
}

@article {Stojchevska177,
	title = {Ultrafast Switching to a Stable Hidden Quantum State in an Electronic Crystal},
	author = {Stojchevska, L. and Vaskivskyi, I. and Mertelj, T. and Kusar, P. and Svetin, D. and Brazovskii, S. and Mihailovic, D.},
	journal = {Science},
	volume = {344},
	pages = {177},
	year = {2014},
	doi = {10.1126/science.1241591},
	URL = {https://science.sciencemag.org/content/344/6180/177}
}

@article{ncomms11442,
  title = {Fast electronic resistance switching involving hidden charge density wave states},
  author ={Vaskivskyi, I. and Mihailovic, I. A. and Brazovskii, S. and Gospodaric, J. and Mertelj, T. and Svetin, D. and Sutar, P. and Mihailovic, D.},
  journal = {Nat. Commun.},
  volume = {7},
  pages = {11442},
  year ={2016},
  doi = {10.1038/ncomms11442},
  url = {https://doi.org/10.1038/ncomms11442}
}

@article {Yoshidae1500606,
  title = {Memristive phase switching in two-dimensional 1T-TaS$_{2}$ crystals},
  author = {Yoshida, Masaro and Suzuki, Ryuji and Zhang, Yijin and Nakano, Masaki and Iwasa, Yoshihiro},
  journal = {Sci. Adv.},
  volume = {1},
  pages = {e1500606},
  year = {2015},
  doi = {10.1126/sciadv.1500606},
  URL = {https://advances.sciencemag.org/content/1/9/e1500606}
}

@article{ncomms10956,
  title = {A metallic mosaic phase and the origin of Mott-insulating state in 1T-TaS$_{2}$},
  author = {Ma, Liguo and Ye, Cun and Yu, Yijun and Lu, Xiu Fang and Niu, Xiaohai and Kim, Sejoong and Feng, Donglai and Tom\'{a}nek, David and Son, Young-Woo and Chen, Xian Hui and Zhang, Yuanbo},
  journal = {Nat. Commun.},
  volume = {7},
  pages = {10956},
  year = {2016},
  doi = {10.1038/ncomms10956},
  url = {https://www.nature.com/articles/ncomms10956#supplementary-information}
}

@article{RAMIREZ2001424,
  title = {Diffusion and intercalation of alkali atoms in transition metal dichalcogenides},
  author = {C Ram\'{i}rez and W Schattke},
  journal = {Surf. Sci.},
  volume = {482},
  pages = {424},
  year = {2001},
  doi = {https://doi.org/10.1016/S0039-6028(01)00863-9},
  url = {http://www.sciencedirect.com/science/article/pii/S0039602801008639},
}

@article{PhysRevB.50.8816,
  title = {Charge-density-wave transformation induced by Na intercalation into 1T-TaS$_{2}$},
  author = {Pettenkofer, C. and Jaegermann, W.},
  journal = {Phys. Rev. B},
  volume = {50},
  pages = {8816},
  year = {1994},
  doi = {10.1103/PhysRevB.50.8816},
  url = {https://link.aps.org/doi/10.1103/PhysRevB.50.8816}
}

@article{PhysRevX.7.041054,
  title = {Mottness Collapse in 1T-TaS$_{2-x}$Se$_{x}$ Transition-Metal Dichalcogenide: An Interplay between Localized and Itinerant Orbitals},
  author = {Qiao, Shuang and Li, Xintong and Wang, Naizhou and Ruan, Wei and Ye, Cun and Cai, Peng and Hao, Zhenqi and Yao, Hong and Chen, Xianhui and Wu, Jian and Wang, Yayu and Liu, Zheng},
  journal = {Phys. Rev. X},
  volume = {7},
  pages = {041054},
  year = {2017},
  doi = {10.1103/PhysRevX.7.041054},
  url = {https://link.aps.org/doi/10.1103/PhysRevX.7.041054}
}

@article{PhysRevLett.95.126403,
  title = {Continuous Tuning of Electronic Correlations by Alkali Adsorption on Layered 1T-TaS$_{2}$},
  author = {Rossnagel, K. and Rotenberg, Eli and Koh, H. and Smith, N. V. and Kipp, L.},
  journal = {Phys. Rev. Lett.},
  volume = {95},
  pages = {126403},
  year = {2005},
  doi = {10.1103/PhysRevLett.95.126403},
  url = {https://link.aps.org/doi/10.1103/PhysRevLett.95.126403}
}

@article{PhysRevLett.109.176403,
  title = {Real-Space Coexistence of the Melted Mott State and Superconductivity in Fe-Substituted 1T-TaS$_{2}$},
  author = {Ang, R. and Tanaka, Y. and Ieki, E. and Nakayama, K. and Sato, T. and Li, L. J. and Lu, W. J. and Sun, Y. P. and Takahashi, T.},
  journal = {Phys. Rev. Lett.},
  volume = {109},
  pages = {176403},
  year = {2012},
  doi = {10.1103/PhysRevLett.109.176403},
  url = {https://link.aps.org/doi/10.1103/PhysRevLett.109.176403}
}

@article{PhysRevLett.112.206402,
  title = {Emergence of a Novel Pseudogap Metallic State in a Disordered 2D Mott Insulator},
  author = {Lahoud, Elias and Meetei, O. Nganba and Chaska, K. B. and Kanigel, A. and Trivedi, Nandini},
  journal = {Phys. Rev. Lett.},
  volume = {112},
  pages = {206402},
  year = {2014},
  doi = {10.1103/PhysRevLett.112.206402},
  url = {https://link.aps.org/doi/10.1103/PhysRevLett.112.206402}
}

@article{AdvPhys.18.193,
  title = {The transition metal dichalcogenides discussion and interpretation of the observed optical, electrical and structural properties},
  author = {Wilson, J. A. and Yoffe, A. D},
  journal = {Adv. Phys.},
  volume = {18},
  pages = {193},
  year  = {1969},
  doi = {10.1080/00018736900101307},
  url = {https://doi.org/10.1080/00018736900101307}
}

@article{Physica.B+C.99.51,
  title = {The low-temperature superstructures of 1T-TaSe$_{2}$ and 2H-TaSe$_{2}$},
  author = {Brouwer, R. and Jellinek, F.},
  journal = {Physica B+C},
  volume = {99},
  pages = {51},
  year = {1980},
  doi = {https://doi.org/10.1016/0378-4363(80)90209-0},
  url = {http://www.sciencedirect.com/science/article/pii/0378436380902090},
}

@article{PhysRevB.92.085132,
  title = {Interplay of electron-electron and electron-phonon interactions in the low-temperature phase of 1T-TaS$_{2}$},
  author = {Cho, Doohee and Cho, Yong-Heum and Cheong, Sang-Wook and Kim, Ki-Seok and Yeom, Han Woong},
  journal = {Phys. Rev. B},
  volume = {92},
  pages = {085132},
  year = {2015},
  doi = {10.1103/PhysRevB.92.085132},
  url = {https://link.aps.org/doi/10.1103/PhysRevB.92.085132}
}

@article{PhysRevB.90.045134,
  title = {Three-dimensional metallic and two-dimensional insulating behavior in octahedral tantalum dichalcogenides},
  author = {Darancet, Pierre and Millis, Andrew J. and Marianetti, Chris A.},
  journal = {Phys. Rev. B},
  volume = {90},
  pages = {045134},
  year = {2014},
  doi = {10.1103/PhysRevB.90.045134},
  url = {https://link.aps.org/doi/10.1103/PhysRevB.90.045134}
}

@article{Smith_1985,
  title = {Band structures of the layer compounds 1T-TaS$_{2}$ and 2H-TaSe$_{2}$ in the presence of commensurate charge-density waves},
  author = {N V Smith and S D Kevan and F J DiSalvo},
  journal = {J. Phys. C},
  volume = {18},
  pages = {3175},
  year = {1985},
  doi = {10.1088/0022-3719/18/16/013},
  url = {https://doi.org/10.1088/0022-3719/18/16/013},
}

@article{PhysRevLett.81.1058,
  title = {Spectral Consequences of Broken Phase Coherence in 1T-TaS$_{2}$},
  author = {Zwick, F. and Berger, H. and Vobornik, I. and Margaritondo, G. and Forr\'o, L. and Beeli, C. and Onellion, M. and Panaccione, G. and Taleb-Ibrahimi, A. and Grioni, M.},
  journal = {Phys. Rev. Lett.},
  volume = {81},
  pages = {1058},
  year = {1998},
  doi = {10.1103/PhysRevLett.81.1058},
  url = {https://link.aps.org/doi/10.1103/PhysRevLett.81.1058}
}

@article{RevModPhys.78.17,
  title = {Doping a Mott insulator: Physics of high-temperature superconductivity},
  author = {Lee, Patrick A. and Nagaosa, Naoto and Wen, Xiao-Gang},
  journal = {Rev. Mod. Phys.},
  volume = {78},
  pages = {17},
  year = {2006},
  doi = {10.1103/RevModPhys.78.17},
  url = {https://link.aps.org/doi/10.1103/RevModPhys.78.17}
}
@article{PhysRevLett.67.1035,
  title = {Anomalous transfer of spectral weight in doped strongly correlated systems},
  author = {Eskes, H. and Meinders, M. B. J. and Sawatzky, G. A.},
  journal = {Phys. Rev. Lett.},
  volume = {67},
  pages = {1035},
  year = {1991},
  doi = {10.1103/PhysRevLett.67.1035},
  url = {https://link.aps.org/doi/10.1103/PhysRevLett.67.1035}
}
@article{PhysRevB.90.245102,
  title = {Localized in-gap state in a single-electron doped Mott insulator},
  author = {Leong, Weng-Hang and Yu, Shun-Li and Xiang, T. and Li, Jian-Xin},
  journal = {Phys. Rev. B},
  volume = {90},
  pages = {245102},
  year = {2014},
  doi = {10.1103/PhysRevB.90.245102},
  url = {https://link.aps.org/doi/10.1103/PhysRevB.90.245102}
}
@article{PhysRevLett.84.522,
  title = {Spectral Weight of the Hubbard Model through Cluster Perturbation Theory},
  author = {S\'en\'echal, D. and Perez, D. and Pioro-Ladri\`ere, M.},
  journal = {Phys. Rev. Lett.},
  volume = {84},
  pages = {522},
  year = {2000},
  doi = {10.1103/PhysRevLett.84.522},
  url = {https://link.aps.org/doi/10.1103/PhysRevLett.84.522}
}
@article{Nat.hys.12.1047,
  title = {Spectral Weight of the Hubbard Model through Cluster Perturbation Theory},
  author = {P. Cai and W. Ruan and Y. Peng and C. Ye and X. Li and Z. Hao and X. Zhou, D.-H. Lee and Y. Wang},
  journal = {Nat. Phys.},
  volume = {12},
  pages = {1047},
  year = {2016},
  doi = {10.1038/NPHYS3840},
  url = {https://doi.org/10.1038/NPHYS3840}
}
@article{PhysRevB.73.073106,
  title = {Spin-orbit coupling in the band structure of reconstructed $1T\text{\ensuremath{-}}{\mathrm{TaS}}_{2}$},
  author = {Rossnagel, K. and Smith, N. V.},
  journal = {Phys. Rev. B},
  volume = {73},
  pages = {073106},
  year = {2006},
  doi = {10.1103/PhysRevB.73.073106},
  url = {https://link.aps.org/doi/10.1103/PhysRevB.73.073106}
}
@article{SupMat,
  journal = {See Supplemental Material for the details about the theoretical calculations}
}
@article{PhysRevLett.122.106404,
  title = {Origin of the Insulating Phase and First-Order Metal-Insulator Transition in $1T\text{\ensuremath{-}}{\mathrm{TaS}}_{2}$},
  author = {Lee, Sung-Hoon and Goh, Jung Suk and Cho, Doohee},
  journal = {Phys. Rev. Lett.},
  volume = {122},
  issue = {10},
  pages = {106404},
  numpages = {6},
  year = {2019},
  month = {Mar},
  publisher = {American Physical Society},
  doi = {10.1103/PhysRevLett.122.106404},
  url = {https://link.aps.org/doi/10.1103/PhysRevLett.122.106404}
}
@article{BENEDEK1994185,
title = "Strong coupling of Rayleigh phonons to charge density waves in 1T-TaS2",
journal = "Surface Science",
volume = "304",
number = "1",
pages = "185 - 190",
year = "1994",
issn = "0039-6028",
doi = "https://doi.org/10.1016/0039-6028(94)90763-3",
url = "http://www.sciencedirect.com/science/article/pii/0039602894907633",
author = "G Benedek and G Brusdeylins and F Hofmann and P Ruggerone and J.P Toennies and R Vollmer and J.G Skofronick",
abstract = "The dispersion curves of charge density wave (CDW)-induced phonons have been measured in 1T-TaS2 by inelastic He atom scattering along both crystallographic and CDW symmetry directions. Evidence is given for a strong coupling of the CDW to Rayleigh waves, i.e. to quasi-transverse acoustic modes. A pseudocharge model analysis of lattice dynamics accounts for the CDW-induced splitting of the Raman-active modes originated from the folding of transverse acoustic modes."
}
@article{BENEDEK19941,
title = "Surface phonons in layered crystals: theoretical aspects",
journal = "Surface Science Reports",
volume = "20",
number = "1",
pages = "1 - 43",
year = "1994",
issn = "0167-5729",
doi = "https://doi.org/10.1016/0167-5729(94)90002-7",
url = "http://www.sciencedirect.com/science/article/pii/0167572994900027",
author = "G. Benedek and F. Hofmann and P. Ruggerone and G. Onida and L. Miglio",
abstract = "Layered compounds are characterized by special phenomena such as phase changes, critical phenomena and charge-density waves, in which the phonons play the very important role of fingerprints. Moreover, the surface lattice dynamics of layered compounds provides a deep insight into the structural anisotropy of these technologically important materials. Therefore, it is important to support the large amount of experimental data with a careful theoretical analysis. Due to the presence of large structures such as the ones associated to the charge-density waves, the layered compounds are systems which are still unaccessible to the powerful ab initio methods and are investigated by means of phenomenological models. The theoretical analysis of the surface-phonon modes in several layered crystals is reviewed in this article. The calculations are performed on the basis of both force-constant and bond-charge models for graphite, the multipolar model for TaS2, and with the dispersive linear-chain (DLC) method for GaSe and TaSe2. For all the systems the agreement between experimental and theoretical results is very good."
}
@Article{PhysRevLett.85.2585,
  author = {M. G. Zacher and R. Eder and E. Arrigoni and Werner Hanke},
  title = {Stripes in Doped Antiferromagnets: Single-Particle Spectral Weight},
  journal = {Phys. Rev. Lett.},
  volume = {85},
  pages = {2585},
  year = {2000},
  doi = {10.1103/PhysRevLett.85.2585},
  url = {http://dx.doi.org/10.1103/PhysRevLett.85.2585}
}
@Article{PhysRevLett.92.126401,
  author = {D. S\'{e}n\'{e}chal and A.-M. S. Tremblay},
  title = {Hot Spots and Pseudogaps for Hole- and Electron-Doped High-Temperature Superconductors},
  journal = {Phys. Rev. Lett.},
  volume = {92},
  pages = {126401},
  year = {2004},
  doi = {10.1103/PhysRevLett.92.126401},
  url = {http://dx.doi.org/10.1103/PhysRevLett.92.126401}
}
@Article{PhysRevLett.107.010401,
  author = {S.-L. Yu and X. C. Xie and J.-X. Li},
  title = {Mott Physics and Topological Phase Transition in Correlated Dirac Fermions},
  journal = {Phys. Rev. Lett.},
  volume = {107},
  pages = {010401},
  year = {2011},
  doi = {10.1103/PhysRevLett.107.010401},
  url = {http://dx.doi.org/10.1103/PhysRevLett.107.010401}
}
@Article{PhysRevB.84.064520,
  author = {J. Kang and S.-L. Yu and T. Xiang and J.-X. Li},
  title = {Pseudogap and Fermi arc in $\kappa$-type organic superconductors},
  journal = {Phys. Rev. B},
  volume = {84},
  pages = {064520},
  year = {2011},
  doi = {10.1103/PhysRevB.84.064520},
  url = {http://dx.doi.org/10.1103/PhysRevB.84.064520}
}
@article{PhysRevB.98.134410,
  title = {Deconfinement of spinons in frustrated spin systems: Spectral perspective},
  author = {Yu, Shun-Li and Wang, Wei and Dong, Zhao-Yang and Yao, Zi-Jian and Li, Jian-Xin},
  journal = {Phys. Rev. B},
  volume = {98},
  pages = {134410},
  year = {2018},
  doi = {10.1103/PhysRevB.98.134410},
  url = {https://link.aps.org/doi/10.1103/PhysRevB.98.134410}
}
